@article{Jasso-Muro_2023,
      title={The Derived Auslander-Iyama Correspondence}, 
      author={Gustavo Jasso and Bernhard Keller and Fernando Muro},
      year={2023},
      eprint={2208.14413},
      archivePrefix={arXiv},
      primaryClass={math.RT},
      url={https://arxiv.org/abs/2208.14413}, 
}

@article {Christensen-Frankland_2017,
    AUTHOR = {Christensen, J. Daniel and Frankland, Martin},
     TITLE = {Higher {T}oda brackets and the {A}dams spectral sequence in
              triangulated categories},
   JOURNAL = {Algebr. Geom. Topol.},
  FJOURNAL = {Algebraic \& Geometric Topology},
    VOLUME = {17},
      YEAR = {2017},
    NUMBER = {5},
     PAGES = {2687--2735},
      ISSN = {1472-2747,1472-2739},
   MRCLASS = {55T15 (18E30)},
  MRNUMBER = {3704239},
MRREVIEWER = {Marius\ Thaule},
       DOI = {10.2140/agt.2017.17.2687},
       URL = {https://doi.org/10.2140/agt.2017.17.2687},
}